%# -*- coding: utf-8-unix -*-

@electronic{Iab2012,
	author        = "PricewaterhouseCoopers LL.",
	title         = "Iab internet advertising revenue report, 2012 full year results.",
	url           = "https://www.iab.com/wp-content/uploads/2015/05",
	year          = "2013"
}
@electronic{Iab2016,
	author        = "PricewaterhouseCoopers LL.",
	title         = "Iab internet advertising revenue report, 2012 full year results.",
	url           = "https://www.iab.com/wp-content/uploads/2016/04",
	year          = "2017"
}
@electronic{truth,
	title         = "The Truth About Mobile Click Fraud.",
	url           = "http://www.imgrind.com/the-truth-aboutmobile-click-fraud"
}
@electronic{Bots,
	title         = "Bots Mobilize.",
	url           = "http://www.dmnews.com/bots-mobilize/article/291566/"
}
@inproceedings{metwally2005duplicate,
	title={Duplicate detection in click streams},
	author={Metwally, Ahmed and Agrawal, Divyakant and El Abbadi, Amr},
	booktitle={Proceedings of the 14th international conference on World Wide Web},
	pages={12--21},
	year={2005},
	organization={ACM}
}
@inproceedings{blizard2012click,
	title={Click-fraud monetizing malware: A survey and case study},
	author={Blizard, Tommy and Livic, Nikola},
	booktitle={Malicious and Unwanted Software (MALWARE), 2012 7th International Conference on},
	pages={67--72},
	year={2012},
	organization={IEEE}
}
@inproceedings{miller2011s,
	title={What's Clicking What? Techniques and Innovations of Today's Clickbots.},
	author={Miller, Brad and Pearce, Paul and Grier, Chris and Kreibich, Christian and Paxson, Vern},
	booktitle={DIMVA},
	pages={164--183},
	year={2011},
	organization={Springer}
}